@article{vilenkin1985cosmic,
  title={Cosmic strings and domain walls},
  author={Vilenkin, Alexander},
  journal={Physics Reports},
  volume={121},
  number={5},
  pages={263--315},
  year={1985},
  publisher={Elsevier}
}

@article{kibble1976topology,
  title={Topology of cosmic domains and strings},
  author={Kibble, Tom WB},
  journal={Journal of Physics A: Mathematical and General},
  volume={9},
  number={8},
  pages={1387},
  year={1976},
  publisher={IOP Publishing}
}

@article{damour2001cosmic,
  title={Cosmic strings and the string dilaton},
  author={Damour, Thibault and Vilenkin, Alexander},
  journal={Physical Review D},
  volume={64},
  number={6},
  pages={064008},
  year={2001},
  publisher={APS}
}

@article{vachaspati2008cosmic,
  title={Cosmic strings and other topological defects},
  author={Vachaspati, Tanmay and Vilenkin, Alexander and Shellard, Paul},
  journal={Cambridge University Press},
  year={2008}
}

@article{verbiest2016timing,
  title={The International Pulsar Timing Array: First data release},
  author={Verbiest, Joris PW and others},
  journal={Monthly Notices of the Royal Astronomical Society},
  volume={458},
  number={2},
  pages={1267--1288},
  year={2016},
  publisher={Oxford University Press}
}

@article{lentati2015european,
  title={European Pulsar Timing Array limits on an isotropic stochastic gravitational-wave background},
  author={Lentati, L and others},
  journal={Monthly Notices of the Royal Astronomical Society},
  volume={453},
  number={3},
  pages={2576--2598},
  year={2015},
  publisher={Oxford University Press}
}

@article{edwards2006tempo2,
  title={TEMPO2, a new pulsar timing package--I. Overview},
  author={Edwards, RT and Hobbs, GB and Manchester, RN},
  journal={Monthly Notices of the Royal Astronomical Society},
  volume={372},
  number={4},
  pages={1549--1574},
  year={2006},
  publisher={Oxford University Press}
}

@article{hobbs2010tempo2,
  title={TEMPO2, a new pulsar-timing package--II. The timing model and precision estimates},
  author={Hobbs, G and others},
  journal={Monthly Notices of the Royal Astronomical Society},
  volume={394},
  number={4},
  pages={1945--1958},
  year={2010},
  publisher={Oxford University Press}
}

@article{nanograv2020,
  title={The NANOGrav 12.5-year data set: Search for an isotropic stochastic gravitational-wave background},
  author={Arzoumanian, Z and others},
  journal={The Astrophysical Journal Letters},
  volume={905},
  number={2},
  pages={L34},
  year={2020},
  publisher={IOP Publishing}
}

@article{epta2021,
  title={Common-red-signal analysis with 24-yr high-precision timing of the European Pulsar Timing Array: inferences in the stochastic gravitational-wave background search},
  author={Chen, S and others},
  journal={Monthly Notices of the Royal Astronomical Society},
  volume={508},
  number={4},
  pages={4970--4993},
  year={2021},
  publisher={Oxford University Press}
}

@article{ppta2021,
  title={The Parkes Pulsar Timing Array second data release: Timing analysis},
  author={Kerr, M and others},
  journal={Publications of the Astronomical Society of Australia},
  volume={37},
  pages={e020},
  year={2021},
  publisher={Cambridge University Press}
}

@article{ipta2021,
  title={The International Pulsar Timing Array second data release: Search for an isotropic gravitational wave background},
  author={Antoniadis, J and others},
  journal={Monthly Notices of the Royal Astronomical Society},
  volume={510},
  number={4},
  pages={4873--4887},
  year={2021},
  publisher={Oxford University Press}
}

@article{cosmic_strings_theory,
  title={Cosmic strings: an overview},
  author={Vilenkin, Alexander},
  journal={Physics Reports},
  volume={121},
  number={5},
  pages={263--315},
  year={1985},
  publisher={Elsevier}
}

@article{gravitational_waves_cosmic_strings,
  title={Gravitational radiation from cosmic strings},
  author={Vachaspati, Tanmay and Vilenkin, Alexander},
  journal={Physical Review D},
  volume={31},
  number={12},
  pages={3052},
  year={1985},
  publisher={APS}
}

@article{pulsar_timing_cosmic_strings,
  title={Pulsar timing and cosmic strings},
  author={Damour, Thibault and Vilenkin, Alexander},
  journal={Physical Review D},
  volume={64},
  number={6},
  pages={064008},
  year={2001},
  publisher={APS}
}

@article{deep_learning_astronomy,
  title={Deep learning for astronomy},
  author={Baron, Dalya},
  journal={Physics Reports},
  volume={841},
  pages={1--124},
  year={2020},
  publisher={Elsevier}
}

@article{quantum_gravity_phenomenology,
  title={Quantum gravity phenomenology},
  author={Amelino-Camelia, Giovanni},
  journal={Living Reviews in Relativity},
  volume={16},
  number={1},
  pages={1--165},
  year={2013},
  publisher={Springer}
}

@article{scalar_fields_cosmology,
  title={Scalar fields in cosmology},
  author={Copeland, Edmund J and Sami, M and Tsujikawa, Shinji},
  journal={International Journal of Modern Physics D},
  volume={15},
  number={11},
  pages={1753--1936},
  year={2006},
  publisher={World Scientific}
}

@article{primordial_black_holes,
  title={Primordial black holes},
  author={Carr, Bernard and KÃ¼hnel, Florian},
  journal={Annual Review of Nuclear and Particle Science},
  volume={70},
  pages={355--394},
  year={2020},
  publisher={Annual Reviews}
}

@article{domain_walls_cosmology,
  title={Domain walls in cosmology},
  author={Vilenkin, Alexander},
  journal={Physics Reports},
  volume={121},
  number={5},
  pages={263--315},
  year={1985},
  publisher={Elsevier}
}

@article{statistical_analysis_astronomy,
  title={Statistical analysis in astronomy},
  author={Feigelson, Eric D and Babu, G Jogesh},
  journal={Annual Review of Astronomy and Astrophysics},
  volume={50},
  pages={393--432},
  year={2012},
  publisher={Annual Reviews}
}
